<record><leader>00000cas a2200000 a 4500</leader><controlfield tag="001">12245158</controlfield><controlfield tag="008">850709d184418uuiluwr ne      0   a0eng c</controlfield><datafield ind1=" " ind2=" " tag="010"><subfield code="a">sn 85033749 </subfield></datafield><datafield ind1=" " ind2=" " tag="040"><subfield code="a">NPU</subfield><subfield code="b">eng</subfield><subfield code="c">NPU</subfield><subfield code="d">YOX</subfield><subfield code="d">NVF</subfield><subfield code="d">OCL</subfield><subfield code="d">NVF</subfield><subfield code="d">CVF</subfield><subfield code="d">KRTAS</subfield><subfield code="d">NVF</subfield><subfield code="d">OCLCF</subfield><subfield code="d">NVF</subfield><subfield code="d">OCLCO</subfield></datafield><datafield ind1="1" ind2=" " tag="029"><subfield code="a">AU@</subfield><subfield code="b">000020125068</subfield></datafield><datafield ind1=" " ind2=" " tag="042"><subfield code="a">pcc</subfield></datafield><datafield ind1=" " ind2=" " tag="043"><subfield code="a">n-us-il</subfield></datafield><datafield ind1="0" ind2="4" tag="245"><subfield code="a">The Morgan journal.</subfield></datafield><datafield ind1="1" ind2=" " tag="246"><subfield code="i">Published as:</subfield><subfield code="a">Weekly Morgan journal</subfield><subfield code="f">&lt;Apr. 19, 1851&gt;</subfield></datafield><datafield ind1=" " ind2=" " tag="260"><subfield code="a">Jacksonville, Ill. :</subfield><subfield code="b">Wm. C. Swett</subfield></datafield><datafield ind1="2" ind2=" " tag="260"><subfield code="3">&lt;Sept. 25, 1846&gt;-&lt;&gt;</subfield><subfield code="a">Jacksonville, Ill. :</subfield><subfield code="b">W.C. Swett and J.B. Shaw</subfield></datafield><datafield ind1="2" ind2=" " tag="260"><subfield code="3">&lt;1848&gt;-&lt;&gt;</subfield><subfield code="a">Jacksonville, Ill. :</subfield><subfield code="b">Wm. C. Swett</subfield></datafield><datafield ind1="3" ind2=" " tag="260"><subfield code="3">&lt;1859&gt;-&lt;&gt;</subfield><subfield code="a">Jacksonville, Ill. :</subfield><subfield code="b">Wm. H. Collins [W.H. Collins]</subfield></datafield><datafield ind1=" " ind2=" " tag="300"><subfield code="a">v.</subfield></datafield><datafield ind1=" " ind2=" " tag="310"><subfield code="a">Weekly</subfield></datafield><datafield ind1="1" ind2=" " tag="362"><subfield code="a">Began in 1844.</subfield></datafield><datafield ind1=" " ind2=" " tag="500"><subfield code="a">"Devoted to politics, literature, morality, foreign and domestic news, and general intelligence."</subfield></datafield><datafield ind1=" " ind2=" " tag="515"><subfield code="a">Issues for &lt;May 1, 1852-Jan. 15, 1853&gt; called also &lt;new ser., no. 14-no. 51&gt;.</subfield></datafield><datafield ind1=" " ind2=" " tag="515"><subfield code="a">Issues for &lt;May 5-19, 1853&gt; called also &lt;new ser., v. 2, no. 15-v. 2, no. 17&gt;.</subfield></datafield><datafield ind1=" " ind2=" " tag="580"><subfield code="a">Triweekly ed.: Tri-weekly evening journal, &lt;1850&gt;.</subfield></datafield><datafield ind1=" " ind2=" " tag="588"><subfield code="a">Description based on: Vol. 1, no. 45 (Apr. 11, 1845).</subfield></datafield><datafield ind1=" " ind2=" " tag="588"><subfield code="a">Latest issue consulted: Jan. 13, 1859.</subfield></datafield><datafield ind1=" " ind2="0" tag="651"><subfield code="a">Jacksonville (Ill.)</subfield><subfield code="v">Newspapers.</subfield></datafield><datafield ind1=" " ind2="0" tag="651"><subfield code="a">Morgan County (Ill.)</subfield><subfield code="v">Newspapers.</subfield></datafield><datafield ind1=" " ind2="7" tag="651"><subfield code="a">Illinois</subfield><subfield code="z">Jacksonville.</subfield><subfield code="2">fast</subfield><subfield code="0">(OCoLC)fst01214078</subfield></datafield><datafield ind1=" " ind2="7" tag="651"><subfield code="a">Illinois</subfield><subfield code="z">Morgan County.</subfield><subfield code="2">fast</subfield><subfield code="0">(OCoLC)fst01215004</subfield></datafield><datafield ind1=" " ind2="7" tag="655"><subfield code="a">Newspapers.</subfield><subfield code="2">fast</subfield><subfield code="0">(OCoLC)fst01423814</subfield></datafield><datafield ind1=" " ind2=" " tag="752"><subfield code="a">United States</subfield><subfield code="b">Illinois</subfield><subfield code="c">Morgan</subfield><subfield code="d">Jacksonville.</subfield></datafield><datafield ind1="1" ind2=" " tag="775"><subfield code="t">Tri-weekly evening journal</subfield><subfield code="w">(DLC)sn 91054675</subfield><subfield code="w">(OCoLC)24290769</subfield></datafield><datafield ind1="0" ind2="0" tag="785"><subfield code="t">Jacksonville journal (Jacksonville, Ill. : 1860)</subfield><subfield code="w">(DLC)sn 91054676</subfield><subfield code="w">(OCoLC)24290953</subfield></datafield><datafield ind1=" " ind2=" " tag="938"><subfield code="a">Kirtas Technologies, Inc.</subfield><subfield code="b">KRTS</subfield><subfield code="n">739275</subfield></datafield></record>